<?xml version="1.0" encoding="UTF-8"?>
<collection xmlns:xsi="http://www.w3.org/2001/XMLSchema-instance" xsi:schemaLocation="http://www.loc.gov/MARC21/slim http://www.loc.gov/standards/marcxml/schema/MARC21slim.xsd" xmlns="http://www.loc.gov/MARC21/slim">
<record>
  <leader>01045nam a2200289 a 4500</leader>
  <controlfield tag="001">896497</controlfield>
  <controlfield tag="003">NNC</controlfield>
  <controlfield tag="005">20030428214428.0</controlfield>
  <controlfield tag="008">881116s1987    ir       b    000 0darard</controlfield>
  <datafield tag="035" ind1=" " ind2=" ">
    <subfield code="a">(OCoLC)ocm23700101</subfield>
  </datafield>
  <datafield tag="035" ind1=" " ind2=" ">
    <subfield code="a">(CStRLIN)NYCG91-B939</subfield>
  </datafield>
  <datafield tag="035" ind1=" " ind2=" ">
    <subfield code="9">AEW9739CU</subfield>
  </datafield>
  <datafield tag="040" ind1=" " ind2=" ">
    <subfield code="a">PUL</subfield>
    <subfield code="c">PUL</subfield>
    <subfield code="d">WAU</subfield>
    <subfield code="d">NNC</subfield>
  </datafield>
  <datafield tag="043" ind1=" " ind2=" ">
    <subfield code="a">aw-----</subfield>
  </datafield>
  <datafield tag="090" ind1=" " ind2=" ">
    <subfield code="a">BP166.94</subfield>
    <subfield code="b">.A34 1987</subfield>
  </datafield>
  <datafield tag="090" ind1=" " ind2=" ">
    <subfield code="f">h</subfield>
  </datafield>
  <datafield tag="100" ind1="1" ind2=" ">
    <subfield code="a">Adīb, ʻĀdil.</subfield>
  </datafield>
  <datafield tag="245" ind1="1" ind2="0">
    <subfield code="a">Dawr aʾimmat ahl al-bayt, ʻalayhim al-salām, fī al-ḥayāh al-Islāmīyah :</subfield>
    <subfield code="b">dirāsah taḥlīlīyah ʻan ḥayāt wa-jihād al-aʾimmah al-ithnay ʻashar, "ʻa" /</subfield>
    <subfield code="c">ʻĀdil al-Adīb.</subfield>
  </datafield>
  <datafield tag="250" ind1=" " ind2=" ">
    <subfield code="a">al-Ṭabʻah 1.</subfield>
  </datafield>
  <datafield tag="260" ind1=" " ind2=" ">
    <subfield code="a">Mashhad, Īrān :</subfield>
    <subfield code="b">Majmaʻ al-Buḥūth al-Islāmīyah,</subfield>
    <subfield code="c">1408 [1987]</subfield>
  </datafield>
  <datafield tag="300" ind1=" " ind2=" ">
    <subfield code="a">204 p. ;</subfield>
    <subfield code="c">24 cm.</subfield>
  </datafield>
  <datafield tag="500" ind1=" " ind2=" ">
    <subfield code="a">Title page partially vocalized.</subfield>
  </datafield>
  <datafield tag="504" ind1=" " ind2=" ">
    <subfield code="a">Includes bibliographical references (p. [200]-204).</subfield>
  </datafield>
  <datafield tag="650" ind1=" " ind2="0">
    <subfield code="a">Imamate</subfield>
    <subfield code="x">History.</subfield>
  </datafield>
  <datafield tag="650" ind1=" " ind2="0">
    <subfield code="a">Shīʻah</subfield>
    <subfield code="z">Islamic Empire</subfield>
    <subfield code="x">History.</subfield>
  </datafield>
  <datafield tag="651" ind1=" " ind2="0">
    <subfield code="a">Islamic Empire</subfield>
    <subfield code="x">Politics and government.</subfield>
  </datafield>
  <datafield tag="955" ind1=" " ind2=" ">
    <subfield code="b">CU01901389</subfield>
    <subfield code="d">off,glx</subfield>
    <subfield code="e">BP166.94 .A34 1987g</subfield>
  </datafield>
</record>
</collection>